@article{kahneman1979prospect,
  title={Prospect theory: An analysis of decision under risk},
  author={Kahneman, Daniel and Tversky, Amos},
  journal={Econometrica},
  volume={47},
  number={2},
  pages={263--292},
  year={1979},
  publisher={The Econometric Society}
}

@article{tversky1992advances,
  title={Advances in prospect theory: Cumulative representation of uncertainty},
  author={Tversky, Amos and Kahneman, Daniel},
  journal={Journal of Risk and Uncertainty},
  volume={5},
  number={4},
  pages={297--323},
  year={1992},
  publisher={Springer}
}

@article{tversky1981framing,
  title={The framing of decisions and the psychology of choice},
  author={Tversky, Amos and Kahneman, Daniel},
  journal={Science},
  volume={211},
  number={4481},
  pages={453--458},
  year={1981},
  publisher={American Association for the Advancement of Science}
}

@article{thaler1980toward,
  title={Toward a positive theory of consumer choice},
  author={Thaler, Richard},
  journal={Journal of Economic Behavior \& Organization},
  volume={1},
  number={1},
  pages={39--60},
  year={1980},
  publisher={Elsevier}
}

@article{kahneman1990experimental,
  title={Experimental tests of the endowment effect and the Coase theorem},
  author={Kahneman, Daniel and Knetsch, Jack L and Thaler, Richard H},
  journal={Journal of Political Economy},
  volume={98},
  number={6},
  pages={1325--1348},
  year={1990},
  publisher={The University of Chicago Press}
}

@article{knetsch1989endowment,
  title={The endowment effect and evidence of nonreversible indifference curves},
  author={Knetsch, Jack L},
  journal={The American Economic Review},
  volume={79},
  number={5},
  pages={1277--1284},
  year={1989},
  publisher={American Economic Association}
}

@article{list2003does,
  title={Does market experience eliminate market anomalies?},
  author={List, John A},
  journal={The Quarterly Journal of Economics},
  volume={118},
  number={1},
  pages={41--71},
  year={2003},
  publisher={MIT Press}
}

@article{apicella2014evolutionary,
  title={Evolutionary origins of the endowment effect: Evidence from hunter-gatherers},
  author={Apicella, Coren L and Azevedo, Eduardo M and Fowler, James H and Christakis, Nicholas A},
  journal={American Economic Review},
  volume={104},
  number={6},
  pages={1793--1805},
  year={2014},
  publisher={American Economic Association}
}

@article{mcneil1982medical,
  title={On the elicitation of preferences for alternative therapies},
  author={McNeil, Barbara J and Pauker, Stephen G and Sox Jr, Harold C and Tversky, Amos},
  journal={New England Journal of Medicine},
  volume={306},
  number={21},
  pages={1259--1262},
  year={1982},
  publisher={Massachusetts Medical Society}
}

@article{levin1988framing,
  title={How does framing influence judgments and learning? The role of attention, elaboration, fluency, imagery, and awareness.},
  author={Levin, Irwin P and Gaeth, Gary J},
  journal={Journal of Consumer Psychology},
  volume={7},
  number={4},
  pages={285-305},
  year={1988}
}

@article{thaler1985mental,
  title={Mental accounting and consumer choice},
  author={Thaler, Richard},
  journal={Marketing Science},
  volume={4},
  number={3},
  pages={199--214},
  year={1985},
  publisher={INFORMS}
}

@article{thaler1999mental,
  title={Mental accounting matters},
  author={Thaler, Richard H},
  journal={Journal of Behavioral Decision Making},
  volume={12},
  number={3},
  pages={183--206},
  year={1999},
  publisher={Wiley Online Library}
}

@article{kahneman1984choice,
  title={Choices, values, and frames},
  author={Kahneman, Daniel and Tversky, Amos},
  journal={American Psychologist},
  volume={39},
  number={4},
  pages={341--350},
  year={1984},
  publisher={American Psychological Association}
}

@article{arkes1985psychology,
  title={The psychology of sunk cost},
  author={Arkes, Hal R and Blumer, Catherine},
  journal={Organizational Behavior and Human Decision Processes},
  volume={35},
  number={1},
  pages={124--140},
  year={1985},
  publisher={Elsevier}
}

@article{thaler1990anomalies,
  title={Anomalies: The endowment effect, loss aversion, and status quo bias},
  author={Thaler, Richard H and Kahneman, Daniel and Knetsch, Jack L},
  journal={Journal of Economic Perspectives},
  volume={5},
  number={1},
  pages={193--206},
  year={1991},
  publisher={American Economic Association}
}

@article{shafir1997money,
  title={Money illusion},
  author={Shafir, Eldar and Diamond, Peter and Tversky, Amos},
  journal={The Quarterly Journal of Economics},
  volume={112},
  number={2},
  pages={341--374},
  year={1997},
  publisher={MIT Press}
}

@article{tversky1973availability,
  title={Availability: A heuristic for judging frequency and probability},
  author={Tversky, Amos and Kahneman, Daniel},
  journal={Cognitive Psychology},
  volume={5},
  number={2},
  pages={207--232},
  year={1973},
  publisher={Elsevier}
}

@article{lichtenstein1978judged,
  title={Judged frequency of lethal events},
  author={Lichtenstein, Sarah and Slovic, Paul and Fischhoff, Baruch and Layman, Mark and Combs, Barbara},
  journal={Journal of Experimental Psychology: Human Learning and Memory},
  volume={4},
  number={6},
  pages={551--578},
  year={1978},
  publisher={American Psychological Association}
}

@article{tversky1983extensional,
  title={Extensional versus intuitive reasoning: The conjunction fallacy in probability judgment},
  author={Tversky, Amos and Kahneman, Daniel},
  journal={Psychological Review},
  volume={90},
  number={4},
  pages={293--315},
  year={1983},
  publisher={American Psychological Association}
}

@article{kahneman1973psychology,
  title={On the psychology of prediction},
  author={Kahneman, Daniel and Tversky, Amos},
  journal={Psychological Review},
  volume={80},
  number={4},
  pages={237--251},
  year={1973},
  publisher={American Psychological Association}
}

@article{tversky1974judgment,
  title={Judgment under uncertainty: Heuristics and biases},
  author={Tversky, Amos and Kahneman, Daniel},
  journal={Science},
  volume={185},
  number={4157},
  pages={1124--1131},
  year={1974},
  publisher={American Association for the Advancement of Science}
}

@article{northcraft1987experts,
  title={Experts, amateurs, and real estate: An anchoring-and-adjustment perspective on property pricing decisions},
  author={Northcraft, Gregory B and Neale, Margaret A},
  journal={Organizational Behavior and Human Decision Processes},
  volume={39},
  number={1},
  pages={84--97},
  year={1987},
  publisher={Elsevier}
}

@article{fischhoff1977knowing,
  title={Knowing with certainty: The appropriateness of extreme confidence},
  author={Fischhoff, Baruch and Slovic, Paul and Lichtenstein, Sarah},
  journal={Journal of Experimental Psychology: Human Perception and Performance},
  volume={3},
  number={4},
  pages={552--564},
  year={1977},
  publisher={American Psychological Association}
}

@article{svenson1981driving,
  title={Are we all less risky and more skillful than our fellow drivers?},
  author={Svenson, Ola},
  journal={Acta Psychologica},
  volume={47},
  number={2},
  pages={143--148},
  year={1981},
  publisher={Elsevier}
}

@article{fischhoff1975hindsight,
  title={Hindsight is not equal to foresight: The effect of outcome knowledge on judgment under uncertainty},
  author={Fischhoff, Baruch},
  journal={Journal of Experimental Psychology: Human Perception and Performance},
  volume={1},
  number={3},
  pages={288--299},
  year={1975},
  publisher={American Psychological Association}
}

@article{samuelson1988status,
  title={Status quo bias in decision making},
  author={Samuelson, William and Zeckhauser, Richard},
  journal={Journal of Risk and Uncertainty},
  volume={1},
  number={1},
  pages={7--59},
  year={1988},
  publisher={Springer}
}

@article{odonoghue1999doing,
  title={Doing it now or later},
  author={O'Donoghue, Ted and Rabin, Matthew},
  journal={American Economic Review},
  volume={89},
  number={1},
  pages={103--124},
  year={1999},
  publisher={American Economic Association}
}

@article{harrison2009expected,
  title={Expected utility theory and prospect theory: One wedding and a decent funeral},
  author={Harrison, Glenn W and Rutstr{\"o}m, E Elisabet},
  journal={Experimental Economics},
  volume={12},
  number={2},
  pages={133--158},
  year={2009},
  publisher={Springer}
}

@book{birnbaum2008new,
  title={New paradoxes of risky decision making},
  author={Birnbaum, Michael H},
  year={2008},
  publisher={Psychological Review}
}

@article{koszegi2006model,
  title={A model of reference-dependent preferences},
  author={K{\H{o}}szegi, Botond and Rabin, Matthew},
  journal={The Quarterly Journal of Economics},
  volume={121},
  number={4},
  pages={1133--1165},
  year={2006},
  publisher={MIT Press}
}

@article{heath1999goals,
  title={Goals as reference points},
  author={Heath, Chip and Larrick, Richard P and Wu, George},
  journal={Cognitive Psychology},
  volume={38},
  number={1},
  pages={79--109},
  year={1999},
  publisher={Elsevier}
}

@article{barberis2001prospect,
  title={Prospect theory and asset prices},
  author={Barberis, Nicholas and Huang, Ming and Santos, Tano},
  journal={The Quarterly Journal of Economics},
  volume={116},
  number={1},
  pages={1--53},
  year={2001},
  publisher={MIT Press}
}

@article{loewenstein1999role,
  title={The role of emotions in economic behavior},
  author={Loewenstein, George F},
  journal={Handbook of emotions},
  volume={3},
  pages={619-642},
  year={1999}
}

@article{loomes1982regret,
  title={Regret theory: An alternative theory of rational choice under uncertainty},
  author={Loomes, Graham and Sugden, Robert},
  journal={The Economic Journal},
  volume={92},
  number={368},
  pages={805--824},
  year={1982},
  publisher={Oxford University Press}
}

@article{bell1985disappointment,
  title={Disappointment in decision making under uncertainty},
  author={Bell, David E},
  journal={Operations Research},
  volume={33},
  number={1},
  pages={1--27},
  year={1985},
  publisher={INFORMS}
}

@article{quiggin1982theory,
  title={A theory of anticipated utility},
  author={Quiggin, John},
  journal={Journal of Economic Behavior \& Organization},
  volume={3},
  number={4},
  pages={323--343},
  year={1982},
  publisher={Elsevier}
}

@article{lopes1987aspiration,
  title={Between hope and fear: The psychology of risk},
  author={Lopes, Lola L},
  journal={Advances in Experimental Social Psychology},
  volume={20},
  pages={255--295},
  year={1987},
  publisher={Elsevier}
}

@article{list2003does,
  title={Does market experience eliminate market anomalies?},
  author={List, John A},
  journal={The Quarterly Journal of Economics},
  volume={118},
  number={1},
  pages={41--71},
  year={2003},
  publisher={MIT Press}
}

@article{plott2005willingness,
  title={The willingness to pay--willingness to accept gap, the "endowment effect," subject misconceptions, and experimental procedures for eliciting valuations},
  author={Plott, Charles R and Zeiler, Kathryn},
  journal={American Economic Review},
  volume={95},
  number={3},
  pages={530--545},
  year={2005},
  publisher={American Economic Association}
}

@article{henrich2001search,
  title={In search of homo economicus: behavioral experiments in 15 small-scale societies},
  author={Henrich, Joseph and Boyd, Robert and Bowles, Samuel and Camerer, Colin and Fehr, Ernst and Gintis, Herbert and McElreath, Richard},
  journal={American Economic Review},
  volume={91},
  number={2},
  pages={73--78},
  year={2001},
  publisher={American Economic Association}
}

@article{tom2007neural,
  title={The neural basis of loss aversion in decision-making under risk},
  author={Tom, Sabrina M and Fox, Craig R and Trepel, Christopher and Poldrack, Russell A},
  journal={Science},
  volume={315},
  number={5811},
  pages={515--518},
  year={2007},
  publisher={American Association for the Advancement of Science}
}

@article{kuhnen2005neural,
  title={The neural basis of financial risk taking},
  author={Kuhnen, Camelia M and Knutson, Brian},
  journal={Neuron},
  volume={47},
  number={5},
  pages={763--770},
  year={2005},
  publisher={Elsevier}
}

@article{demartino2006frames,
  title={Frames, biases, and rational decision-making in the human brain},
  author={De Martino, Benedetto and Kumaran, Dharshan and Seymour, Ben and Dolan, Raymond J},
  journal={Science},
  volume={313},
  number={5787},
  pages={684--687},
  year={2006},
  publisher={American Association for the Advancement of Science}
}

@article{bordalo2012salience,
  title={Salience theory of choice under risk},
  author={Bordalo, Pedro and Gennaioli, Nicola and Shleifer, Andrei},
  journal={The Quarterly Journal of Economics},
  volume={127},
  number={3},
  pages={1243--1285},
  year={2012},
  publisher={MIT Press}
}

@article{fehr1999theory,
  title={A theory of fairness, competition, and cooperation},
  author={Fehr, Ernst and Schmidt, Klaus M},
  journal={The Quarterly Journal of Economics},
  volume={114},
  number={3},
  pages={817--868},
  year={1999},
  publisher={MIT Press}
}

@article{rabin1993incorporating,
  title={Incorporating fairness into game theory and economics},
  author={Rabin, Matthew},
  journal={The American Economic Review},
  volume={83},
  number={5},
  pages={1281--1302},
  year={1993},
  publisher={American Economic Association}
}

@book{thaler2008nudge,
  title={Nudge: Improving decisions about health, wealth, and happiness},
  author={Thaler, Richard H and Sunstein, Cass R},
  year={2008},
  publisher={Yale University Press}
}

@article{madrian2001power,
  title={The power of suggestion: Inertia in 401 (k) participation and savings behavior},
  author={Madrian, Brigitte C and Shea, Dennis F},
  journal={The Quarterly Journal of Economics},
  volume={116},
  number={4},
  pages={1149--1187},
  year={2001},
  publisher={MIT Press}
}

@article{johnson2003defaults,
  title={Defaults, framing and privacy: Why opting in-opting out},
  author={Johnson, Eric J and Goldstein, Daniel},
  journal={Marketing Letters},
  volume={13},
  number={1},
  pages={5--15},
  year={2003},
  publisher={Springer}
}

@article{wansink2013slim,
  title={Slim by design: serving healthy foods first in buffet lines improves overall meal selection},
  author={Wansink, Brian and van Ittersum, Koert},
  journal={PloS One},
  volume={8},
  number={10},
  pages={e77055},
  year={2013},
  publisher={Public Library of Science}
}

@article{hallsworth2017framing,
  title={The behavioralist as tax collector: Using natural field experiments to enhance tax compliance},
  author={Hallsworth, Michael and List, John A and Metcalfe, Robert D and Vlaev, Ivo},
  journal={Journal of Public Economics},
  volume={148},
  pages={14--31},
  year={2017},
  publisher={Elsevier}
}

@article{benartzi1995myopic,
  title={Myopic loss aversion and the equity premium puzzle},
  author={Benartzi, Shlomo and Thaler, Richard H},
  journal={The Quarterly Journal of Economics},
  volume={110},
  number={1},
  pages={73--92},
  year={1995},
  publisher={MIT Press}
}

@article{shefrin1985disposition,
  title={The disposition to sell winners too early and ride losers too long: Theory and evidence},
  author={Shefrin, Hersh and Statman, Meir},
  journal={The Journal of Finance},
  volume={40},
  number={3},
  pages={777--790},
  year={1985},
  publisher={Wiley Online Library}
}

@article{frazzini2006disposition,
  title={The disposition effect and underreaction to news},
  author={Frazzini, Andrea},
  journal={The Journal of Finance},
  volume={61},
  number={4},
  pages={2017--2046},
  year={2006},
  publisher={Wiley Online Library}
}

@article{hirshleifer2001investor,
  title={Investor psychology and asset pricing},
  author={Hirshleifer, David},
  journal={The Journal of Finance},
  volume={56},
  number={4},
  pages={1533--1597},
  year={2001},
  publisher={Wiley Online Library}
}

@article{odean1998volume,
  title={Are investors reluctant to realize their losses?},
  author={Odean, Terrance},
  journal={The Journal of Finance},
  volume={53},
  number={5},
  pages={1775--1798},
  year={1998},
  publisher={Wiley Online Library}
}

@article{loughran2002does,
  title={Why don't issuers get upset about leaving money on the table in IPOs?},
  author={Loughran, Tim and Ritter, Jay R},
  journal={The Review of Financial Studies},
  volume={15},
  number={2},
  pages={413--444},
  year={2002},
  publisher={Oxford University Press}
}

@article{genesove2001loss,
  title={Loss aversion and seller behavior: Evidence from the housing market},
  author={Genesove, David and Mayer, Christopher},
  journal={The Quarterly Journal of Economics},
  volume={116},
  number={4},
  pages={1233--1260},
  year={2001},
  publisher={MIT Press}
}

@article{anenberg2011loss,
  title={Loss aversion, equity constraints and seller behavior in the real estate market},
  author={Anenberg, Elliot},
  journal={Regional Science and Urban Economics},
  volume={41},
  number={1},
  pages={67--76},
  year={2011},
  publisher={Elsevier}
}

@article{bell1982regret,
  title={Regret in decision making under uncertainty},
  author={Bell, David E},
  journal={Operations Research},
  volume={30},
  number={5},
  pages={961--981},
  year={1982},
  publisher={INFORMS}
}

@article{gilboa1995case,
  title={Case-based decision theory},
  author={Gilboa, Itzhak and Schmeidler, David},
  journal={The Quarterly Journal of Economics},
  volume={110},
  number={3},
  pages={605--639},
  year={1995},
  publisher={MIT Press}
}

@article{thaler1990anomalies,
  title={Do security analysts overreact?},
  author={Thaler, Richard H and Johnson, Eric J},
  journal={American Economic Review},
  volume={80},
  number={2},
  pages={52--57},
  year={1990},
  publisher={American Economic Association}
}

@article{strahilevitz1998effect,
  title={The effect of ownership history on the valuation of objects},
  author={Strahilevitz, Michal A and Loewenstein, George},
  journal={Journal of Consumer Research},
  volume={25},
  number={3},
  pages={276--289},
  year={1998},
  publisher={University of Chicago Press}
}

@article{von1947theory,
  title={Theory of games and economic behavior},
  author={Von Neumann, John and Morgenstern, Oskar},
  journal={Princeton University Press},
  year={1947}
}

@article{allais1953behavior,
  title={Le Comportement de l'Homme Rationnel devant le Risque: Critique des Postulats et Axiomes de l'Ecole Americaine},
  author={Allais, Maurice},
  journal={Econometrica},
  volume={21},
  number={4},
  pages={503--546},
  year={1953},
  publisher={The Econometric Society}
}

@article{ellsberg1961risk,
  title={Risk, ambiguity, and the Savage axioms},
  author={Ellsberg, Daniel},
  journal={The Quarterly Journal of Economics},
  volume={75},
  number={4},
  pages={643--669},
  year={1961},
  publisher={MIT Press}
}

@article{bernoulli1738exposition,
  title={Exposition of a new theory on the measurement of risk},
  author={Bernoulli, Daniel},
  journal={Econometrica},
  volume={22},
  number={1},
  pages={23--36},
  year={1954},
  note={Translation of original 1738 paper},
  publisher={The Econometric Society}
}
