% Publishers
@String{AMS   = "American Mathematical Society"}
@String{AP    = "Academic Press"}
@String{AW    = "Addison-Wesley"}
@String{BH    = "Birkha√ºser"}
@String{CUP   = "Cambridge University Press"}
@String{Dover = "Dover Publications"}
@String{CRC   = "Chapman {\&} Hall/CRC"}
@String{EL    = "Elsevier"}
@String{MGH   = "McGraw-Hill"}
@String{NH    = "North-Holland"}
@String{MIT   = "The MIT Press"}
@String{OUP   = "Oxford University Press"}
@String{PergamonPress = "Pergamon Press"}
@String{PH    = "Prentice-Hall"}
@String{GRUY  = "Walter de Gruyter"}
@String{PUP   = "Princeton University Press"}
@String{SIAM  = "{SIAM} Publications"}
@String{SP    = "Springer"}
@String{VanNostrand = "Van Nostrand"}
@String{WHFreeman = "W. H. Freeman and Co."}
@String{Wiley = "John Wiley {\&} Sons"}
@String{PHL = "Philadelphia"}
@String{PUP = "Princeton University Press"}
@String{PAL = "Palgrave Macmillan"}
@String{VanNostrand = "Van Nostrand"}
@String{WHFreeman = "W. H. Freeman and Co."}
@String{WS = "World Scientific"}
@String{ORE = "O'Reilly Media"}
@String{MAN = "Manning Publications"}
@String{NOS = "No Starch Press"}

@String{OREA = "Sebastopol, CA"}
@String{CRCA = "Boca Raton, FL"}
@String{MANA = "Shelter Island, NY"}
@String{NOSA = "San Francisco, CA"}
@String{CAMB = "Cambridge"}
@String{BE = "Berlin"}
@String{NY = "New York"}
@String{PR = "Paris"}
@String{AM = "Amsterdam"}
@String{LDN = "London"}
@String{SG = "Singapore"}
@String{PROV = "Providence, R.I."}
@String{Hob = "Hoboken, NJ"}
@String{SW = "Switzerland"}
@String{DEK = "Marcel Dekker"}
@String{SPNA = "Cham, Switzerland"}
@String{SPN = "Springer Nature"}

%%%%%%%%%%%%%%%%%%%%%%%%%%%%%%%%%%%%%%%%%%%%%%%%%%%%%%%%%%%%%%%%%%%%%%%%%%

@article{roughgarden02,
  author = "T. Roughgarden and E. Tardos",
  title = "How Bad is Selfish Routing?",
  journal = "Journal of the {ACM}",
  volume = "49",
  number = "2",
  pages = "236--259",
  year = "2002",
  note = "\href{https://timroughgarden.org/papers/routing.pdf}{Preprint}"
}

@article{steinberg83,
  author = "R. Steinberg and W. I. Zangwill",
  title = "The Prevalence of {B}raess' Paradox",
  journal = "Transportation Science",
  volume = "17",
  number = "3",
  pages = "301--318",
  year = "1983"
}

@article{braess05,
  author = "D. Braess and A. Nagurney and T. Wakolbinger",
  title = "On a Paradox of Traffic Planning",
  journal = "Transportation Science",
  volume = "39",
  number = "4",
  pages = "446--450",
  year = "2005",
  note = "\href{https://homepage.rub.de/Dietrich.Braess/Paradox-BNW.pdf}{Paper}"
}

@book{roughgarden05,
  author = "T. Roughgarden",
  title = "Selfish Routing and the Price of Anarchy",
  publisher = MIT,
  address = "Cambridge, MA",
  year = "2005",
  note = "Extension of the \href{http://timroughgarden.org/papers/thesis.pdf}{PhD thesis}"
}

@book{easley10,
  author = "D. Easley and J. Kleinberg",
  title = "Networks, Crowds, and Markets: Reasoning about a Highly Connected World",
  publisher = CUP,
  address = CAMB,
  year = "2010",
  note = "\href{https://www.cs.cornell.edu/home/kleinber/networks-book/}{Preprint}"
}
